%EXAMPLE OF REFERENCE
%@online{hl7dk,
%    author = "Dansk Standard",
%    title = "HL7 Denmark (S-821)",
%    url  = "https://www.ds.dk/da/udvalg/kategorier/sundhed/hl7-denmark",
%    addendum = "(accessed: 26.03.2019)",
%}

@PHDTHESIS {Robust_image_thesis,
    author = "Alhussein Fawzi",
    title  = "Robust image classification: analysis and applications",
    school = "École Polytechnique Fédérale de Lausanne",
    year   = "2016"
}

@inproceedings{inception,
author = {Szegedy, Christian and Vanhoucke, Vincent and Ioffe, Sergey and Shlens, Jon and Wojna, ZB},
year = {2016},
month = {06},
pages = {},
title = {Rethinking the Inception Architecture for Computer Vision}
}

@inproceedings{imagenet,
        AUTHOR = {Deng, J. and Dong, W. and Socher, R. and Li, L.-J. and Li, K. and Fei-Fei, L.},
        TITLE = {{ImageNet: A Large-Scale Hierarchical Image Database}},
        BOOKTITLE = {CVPR09},
        YEAR = {2009}
}

%USE LINK FOR GENERATING REFERENCE
%https://truben.no/latex/bibtex/

